<record><leader>00000cas a22000007a 4500</leader><controlfield tag="001">27841227</controlfield><controlfield tag="008">930401c19819999scudr ne      0   a0eng d</controlfield><datafield ind1=" " ind2=" " tag="010"><subfield code="a">sn 93067647 </subfield></datafield><datafield ind1=" " ind2=" " tag="040"><subfield code="a">SVN</subfield><subfield code="b">eng</subfield><subfield code="c">SVN</subfield><subfield code="d">NSD</subfield><subfield code="d">OCLCQ</subfield></datafield><datafield ind1=" " ind2=" " tag="012"><subfield code="m">1</subfield></datafield><datafield ind1=" " ind2=" " tag="019"><subfield code="a">990540875</subfield></datafield><datafield ind1="1" ind2=" " tag="022"><subfield code="a">1093-9318</subfield><subfield code="l">1093-9318</subfield><subfield code="2">1</subfield></datafield><datafield ind1="1" ind2=" " tag="029"><subfield code="a">AU@</subfield><subfield code="b">000020746247</subfield></datafield><datafield ind1="1" ind2=" " tag="029"><subfield code="a">AU@</subfield><subfield code="b">000053273244</subfield></datafield><datafield ind1=" " ind2=" " tag="032"><subfield code="a">778520</subfield><subfield code="b">USPS</subfield></datafield><datafield ind1=" " ind2=" " tag="042"><subfield code="a">msc</subfield><subfield code="a">nsdp</subfield></datafield><datafield ind1=" " ind2="0" tag="222"><subfield code="a">Anderson independent-mail</subfield></datafield><datafield ind1="0" ind2="0" tag="245"><subfield code="a">Anderson independent-mail.</subfield></datafield><datafield ind1=" " ind2=" " tag="260"><subfield code="a">Anderson, S.C. :</subfield><subfield code="b">Independent Pub. Co.</subfield></datafield><datafield ind1=" " ind2=" " tag="300"><subfield code="a">v.</subfield></datafield><datafield ind1=" " ind2=" " tag="310"><subfield code="a">Daily</subfield></datafield><datafield ind1="0" ind2=" " tag="362"><subfield code="a">Vol. 82, no. 365 (Sept. 30, 1981)-</subfield></datafield><datafield ind1=" " ind2="4" tag="651"><subfield code="a">Anderson County (S.C.)</subfield><subfield code="v">Newspapers.</subfield></datafield><datafield ind1=" " ind2=" " tag="752"><subfield code="a">United States</subfield><subfield code="b">South Carolina</subfield><subfield code="c">Anderson</subfield><subfield code="d">Anderson.</subfield></datafield><datafield ind1="0" ind2="4" tag="780"><subfield code="t">Daily mail (Anderson, S.C.)</subfield><subfield code="w">(DLC)sn 85042526</subfield></datafield><datafield ind1="0" ind2="4" tag="780"><subfield code="t">Anderson independent (Anderson, S.C. : 1944)</subfield><subfield code="w">(DLC)sn 93067663</subfield></datafield></record>